@book{texbook1,
  author = {Воронцов К. В.},
  title = {{\LaTeX$2\varepsilon$} в примерах},
  year = {2005},
}

@book{texbook2,
  author = {Львовский С. М.},
  title = {Набор и вёрстка в системе {\LaTeX}},
  year = {2005},
  publisher = {М.: МЦНМО}
}
